@online{V103,
url = {https://moodle.tu-dortmund.de/pluginfile.php/1587045/mod_resource/content/1/V103.pdf},
urldate = {2021-28-06},
title = {Versuchsanleitung V103},
organization = {TU Dortmund, Physik Fakultät}
}

@online{Dichte,
url = {https://de.wikibooks.org/wiki/Tabellensammlung_Chemie/_Dichte_fester_Stoffe},
urldate = {2021-28-06},
title = {Literaturwerte für die Dichte}
}

@online{E-Modul,
url = {https://de.wikipedia.org/wiki/Elastizit\%C3\%A4tsmodul},
urldate = {2021-28-06},
title = {Literaturwerte für das E-Modul}
}
