

@online{V400,
url = {https://moodle.tu-dortmund.de/pluginfile.php/1586975/mod_resource/content/4/V400.pdf},
urldate = {2021-10-05},
title = {Versuchsanleitung V400},
organization = {TU Dortmund, Physik Fakult√§t}

}