@online{Eabs,
url = {https://physics.nist.gov/cgi-bin/XrayTrans/search.pl?element=Cu&trans=All&lower=&upper=&units=eV},
urldate = {2021-28-06},
title = {Absorptionsenergie}
}

@online{Ryd,
url = {https://www.chemie.de/lexikon/Rydberg-Konstante.html},
urldate = {2021-28-06},
title = {Rydbergenergie}
}

@online{Dat,
title = {Daten und Hinweise V602Röntgenemission und -absorbtion},
organization = {TU Dortmund, Physik Fakultät}
}

@online{Anl,
title = {Versuchsanleitung V602 Röntgenemission und -absorbtion},
organization = {TU Dortmund, Physik Fakultät}
}